<?xml version="1.0" encoding="UTF-8"?><collection xmlns="http://www.loc.gov/MARC21/slim"><record><leader>00537nam--2200121-i-4500</leader><controlfield tag="001">000009781</controlfield><controlfield tag="002">20161230</controlfield><controlfield tag="005">20161230201028</controlfield><controlfield tag="008">060222s1000------------r-----000-0-eng-d</controlfield><datafield ind1=" " ind2=" " tag="245"><subfield code="a">The jerusalem symposia on quantum chemistry an d biochemistry. vol.iii:  aromaticity, pseudo aromaticity, anti-aromaticity. proceedings of an international symposium held in jerusalem 31 march - 3 april, 1970</subfield></datafield><datafield ind1=" " ind2=" " tag="260"><subfield code="a">Jerusalem, The Israel Academy Of Sciences And Humanitises, 1971 398 P</subfield></datafield><datafield ind1=" " ind2=" " tag="700"><subfield code="a">Bergmann, Ernst D.And Pullman, Bernand</subfield></datafield><datafield ind1=" " ind2=" " tag="852"><subfield code="a">35251</subfield></datafield></record></collection>